@article{hall2015online,
  title     = {Online convex optimization in dynamic environments},
  author    = {Hall, Eric C and Willett, Rebecca M},
  journal   = {IEEE Journal of Selected Topics in Signal Processing},
  volume    = {9},
  number    = {4},
  pages     = {647--662},
  year      = {2015},
  publisher = {IEEE}
}
@article{zhang2021combining,
  title     = {Combining expert weights for online portfolio selection based on the gradient descent algorithm},
  author    = {Zhang, Yong and Lin, Hong and Yang, Xingyu and Long, Wanrong},
  journal   = {Knowledge-Based Systems},
  volume    = {234},
  pages     = {107533},
  year      = {2021},
  publisher = {Elsevier}
}
@article{zhang2023effective,
  title     = {Effective Online Portfolio Selection for the Long-Short Market Using Mirror Gradient Descent},
  author    = {Zhang, Wenyu and Li, Xiangming and Chen, Yunzhu and Ye, Neng and Zhang, Xiao-Ping},
  journal   = {IEEE Signal Processing Letters},
  year      = {2023},
  publisher = {IEEE}
}